<record><leader>00000cas a22000007a 4500</leader><controlfield tag="001">9679995</controlfield><controlfield tag="008">830708d18681913nyuwr ne      0    0eng d</controlfield><datafield ind1=" " ind2=" " tag="010"><subfield code="a">sn 83030832 </subfield></datafield><datafield ind1=" " ind2=" " tag="040"><subfield code="a">NPU</subfield><subfield code="b">eng</subfield><subfield code="c">NPU</subfield><subfield code="d">NPX</subfield><subfield code="d">NYS</subfield><subfield code="d">OCLCQ</subfield></datafield><datafield ind1=" " ind2=" " tag="042"><subfield code="a">msc</subfield></datafield><datafield ind1="0" ind2="0" tag="245"><subfield code="a">Advertiser and union.</subfield></datafield><datafield ind1="1" ind2="3" tag="246"><subfield code="a">Advertiser &amp; union</subfield></datafield><datafield ind1=" " ind2=" " tag="260"><subfield code="a">Dunkirk, N.Y. ;</subfield><subfield code="a">Fredonia, N.Y. :</subfield><subfield code="b">Benton and Cushing</subfield></datafield><datafield ind1=" " ind2=" " tag="300"><subfield code="a">v. ;</subfield><subfield code="c">77 cm.</subfield></datafield><datafield ind1=" " ind2=" " tag="310"><subfield code="a">Weekly</subfield></datafield><datafield ind1="1" ind2=" " tag="362"><subfield code="a">Began in 1868.</subfield><subfield code="z">Cf. Hough, F.B. Gazetteer of the State of N.Y., 1873.</subfield></datafield><datafield ind1="1" ind2=" " tag="362"><subfield code="a">Ceased in 1913?</subfield><subfield code="z">Cf. Gregory, W. Amer. newspapers.</subfield></datafield><datafield ind1=" " ind2=" " tag="500"><subfield code="a">Published simultaneously at Fredonia, N.Y., &lt;Jan. 1869-Sept. 1876&gt;.</subfield></datafield><datafield ind1=" " ind2=" " tag="500"><subfield code="a">Publishers: Benton &amp; Cushing, &lt;1869-1873&gt;; Benton &amp; White, &lt;1876&gt;; White &amp; Durrell, &lt;1877&gt;; C.F. White &amp; Co., &lt;1890-1892&gt;.</subfield></datafield><datafield ind1=" " ind2=" " tag="500"><subfield code="a">Editor: C.E. Benton, &lt;1873-1876&gt;.</subfield></datafield><datafield ind1=" " ind2=" " tag="588"><subfield code="a">Description based on: Old ser., vol. 18, no. 31 (Jan. 8, 1869) = New ser., v. 1, no. 2.</subfield></datafield><datafield ind1=" " ind2="4" tag="651"><subfield code="a">Dunkirk (N.Y.)</subfield><subfield code="v">Newspapers.</subfield></datafield><datafield ind1=" " ind2="4" tag="651"><subfield code="a">Fredonia (N.Y.)</subfield><subfield code="v">Newspapers.</subfield></datafield><datafield ind1="1" ind2=" " tag="700"><subfield code="a">Benton, C. E.</subfield></datafield><datafield ind1=" " ind2=" " tag="752"><subfield code="a">United States</subfield><subfield code="b">New York</subfield><subfield code="c">Chautauqua</subfield><subfield code="d">Dunkirk.</subfield></datafield><datafield ind1=" " ind2=" " tag="752"><subfield code="a">United States</subfield><subfield code="b">New York</subfield><subfield code="c">Chautauqua</subfield><subfield code="d">Fredonia.</subfield></datafield><datafield ind1="0" ind2="4" tag="780"><subfield code="t">Fredonia advertiser</subfield><subfield code="w">(DLC)sn 83030994</subfield></datafield><datafield ind1="0" ind2="4" tag="780"><subfield code="t">Dunkirk union</subfield><subfield code="w">(DLC)sn 92062127</subfield></datafield><datafield ind1="1" ind2=" " tag="029"><subfield code="a">AU@</subfield><subfield code="b">000025828270</subfield></datafield></record>